
@inproceedings{jellyfish,
 author = {Singla, Ankit and Hong, Chi-Yao and Popa, Lucian and Godfrey, P. Brighten},
 title = {Jellyfish: Networking Data Centers Randomly},
 booktitle = {Proceedings of the 9th USENIX Conference on Networked Systems Design and Implementation},
 series = {NSDI'12},
 year = {2012},
 location = {San Jose, CA},
pages = {225--238},
 url = {http://dl.acm.org/citation.cfm?id=2228298.2228322},
 acmid = {2228322},
 publisher = {USENIX Association},
 address = {Berkeley, CA, USA},
}

@article{yen,
 author = {Jin Y. Yen},
title = {Finding the K Shortest Loopless Paths in a Network},
journal = {Management Science},
volume = {17},
number = {11},
pages = {712-716},
year = {1971},
}

@inproceedings{llksp,
 author = {Yuan, Xin and Mahapatra, Santosh and Nienaber, Wickus and Pakin, Scott and Lang, Michael},
 title = {A New Routing Scheme for Jellyfish and Its Performance with HPC Workloads},
 booktitle = {Proceedings of the International Conference on High Performance Computing, Networking, Storage and Analysis},
 series = {SC '13},
 year = {2013},
 isbn = {978-1-4503-2378-9},
 location = {Denver, Colorado},
 pages = {36:1--36:11},
 articleno = {36},
 numpages = {11},
 url = {http://doi.acm.org/10.1145/2503210.2503229},
 doi = {10.1145/2503210.2503229},
 acmid = {2503229},
 publisher = {ACM},
 address = {New York, NY, USA},
 keywords = {HPC workload, fat-tree, interconnects, jellyfish, performance},
} 


